\begin{comment}
@book{laski2009software,
  title={{Software Verification and Analysis}},
  author={Laski, J. and Stanley, W.},
  isbn={9781848822405},
  url={http://books.google.rs/books?id=5hFnaDQ1jiAC},
  year={2009},
  publisher={Springer-Verlag},
  address = {London}
}
\end{comment}

@misc{introRNN,
title = {{Uvod u RNN}},
note = {on-line at: \url{https://www.geeksforgeeks.org/introduction-to-recurrent-neural-network/}},
}

@misc{introRNN2,
title = {{Uvod u RNN i poređenje sa tradicionalnom NN}},
note = {on-line at: \url{https://towardsdatascience.com/recurrent-neural-networks-d4642c9bc7ce}},
}

@misc{model ,
title = {{Model rekurentne neuronske mreže}},
note = {on-line at: \url{http://poincare.matf.bg.ac.rs/~stefan/ri/index.htm}},
}

@mastersthesis{master_rad,
title = {{Veštačke neuronske mreže u istraživanju podataka: pregled i primena}},
author = {Gavran, Sara},
year = {2016},
school={Univerzitet u Beogradu, Matematički fakultet}
}


\begin{comment}
@article{haltingproblem,
    author = {Turing, A. M.},
    citeulike-article-id = {155758},
    journal = {Proceedings of the London Mathematical Society},
    keywords = {computability, entscheidungsproblem, turing},
    number = {42},
    pages = {230--265},
    posted-at = {2005-04-08 18:11:59},
    priority = {0},
    title = {{On Computable Numbers, with an application to the Entscheidungsproblem}},
    volume = {2},
    year = {1936}
}
\end{comment}
